% This file was created with JabRef 2.10.
% Encoding: UTF-8

@INPROCEEDINGS{MacEachren, 
	author={A. M. MacEachren and F. P. Boscoe and D. Haug and L. W. Pickle}, 
	booktitle={Proceedings IEEE Symposium on Information Visualization (Cat. No.98TB100258)}, 
	title={Geographic visualization: designing manipulable maps for exploring temporally varying georeferenced statistics}, 
	year={1998}, 
	volume={}, 
	number={}, 
	pages={87-94}, 
	keywords={cartography;geographic information systems;data analysis;time series;statistical databases;data visualisation;health care;medical information systems;computer animation;geographic visualization;cartographic visualization;manipulable map design;temporally varying georeferenced statistics exploration;cartography;geographic information systems;exploratory data analysis;information visualization;georeferenced information;time series multivariate georeferenced health statistics;manipulable dynamic GVis tools;visual thinking;pattern noticing;hypothesis generation;data extremes;geographic pattern changes;georeferenced variable similarity;qualitative exploratory analysis;verbal protocols;transaction logs;system use;experts;data analysis strategies;spatiotemporal patterns;Data visualization;Geographic Information Systems;Data analysis;Prototypes;Electronic design automation and methodology;Information analysis;Statistics;Protocols;Animation;Spatiotemporal phenomena}, 
	doi={10.1109/INFVIS.1998.729563}, 
	ISSN={}, 
	month={Oct},}

@INPROCEEDINGS{Barroso, 
	author={T. Barroso and J. Sanguino and A. Rodrigues}, 
	booktitle={2011 The 14th International Symposium on Wireless Personal Multimedia Communications (WPMC)}, 
	title={Georeferencing for coordinated positioning applications}, 
	year={2011}, 
	volume={}, 
	number={}, 
	pages={1-5}, 
	keywords={cartography;geophysical signal processing;Global Positioning System;georeferencing;coordinated positioning applications;global positioning system;digitalized cartography;geographical information;Global Positioning System;Accuracy;Google;Receivers;Personal digital assistants;Earth;Internet;georeferencing;GPS;coordinated positioning}, 
	doi={}, 
	ISSN={1882-5621}, 
	month={Oct},}

@INPROCEEDINGS{Vega, 
	author={F. Vega and J. Pantoja and S. Morales and O. Urbano and A. Arevalo and E. Muskus and C. Pedraza and M. Patino and M. Suarez and N. Hernandez}, 
	booktitle={2016 IEEE Colombian Conference on Communications and Computing (COLCOM)}, 
	title={An IoT-based open platform for monitoring non-ionizing radiation levels in Colombia}, 
	year={2016}, 
	volume={}, 
	number={}, 
	pages={1-4}, 
	keywords={biological effects of radiation;cloud computing;computerised monitoring;data visualisation;Internet of Things;open systems;protocols;radiation monitoring;sensors;IoT-based open platform;nonionizing radiation level monitoring;Colombia;remote measurement;georeferenced visualization;NIR data;backward compatibility;auto scalability;cloud-based operation;cloud-based security;communication protocol standardization;cloud computing platform;NIR sensor;Probes;Monitoring;Software;Sensor systems;Logic gates;Internet of things;Non-ionizing Radiation Measurement;NIR;Internet of Things;IoT;Cloud Computing;NIR monitoring system}, 
	doi={10.1109/ColComCon.2016.7516379}, 
	ISSN={}, 
	month={April},
}

@INPROCEEDINGS{Park-Big-Data, 
	author={K. {Park} and M. C. {Nguyen} and H. {Won}}, 
	booktitle={2015 17th International Conference on Advanced Communication Technology (ICACT)}, 
	title={Web-based collaborative big data analytics on big data as a service platform}, 
	year={2015}, 
	volume={}, 
	number={}, 
	pages={564-567}, 
	keywords={Big Data;cloud computing;data analysis;groupware;meta data;Web-based collaborative big data analytics;service platform;social network;cloud computing;big data as a service;data owner;data scientist;service developer;World Wide Web;CCTV metadata analytics service;Big data;Portals;Collaboration;Web services;Monitoring;Streaming media;BDaaS (Big Data as a Service);Big data analytics;Collaborative platform;Big data platform;CCTV MVS;CCTV video analysis}, 
	doi={10.1109/ICACT.2015.7224859}, 
	ISSN={1738-9445}, 
	month={July}
}

@INPROCEEDINGS{Prikh, 
	author={Parikh, P.A and Nielsen, T. D}, 
	booktitle={IEE Colloquium on Experience in the Use of Geographic Information Systems in the Electricity Supply Industry}, 
	title={IEE Colloquium on 'Experience in the Use of Geographic Information Systems in the Electricity Supply Industry (Digest No.129)}, 
	year={2011}, 
	volume={}, 
	number={}, 
	pages={1-5}, 
	keywords={cartography;geophysical signal processing;Global Positioning System;georeferencing;coordinated positioning applications;global positioning system;digitalized cartography;geographical information;Global Positioning System;Accuracy;Google;Receivers;Personal digital assistants;Earth;Internet;georeferencing;GPS;coordinated positioning}, 
	doi={}, 
	ISSN={1882-5621}, 
	month={Oct},}

@INPROCEEDINGS{Chu-Li-justifica, 
	author={S. {He} and L. {Chu} and X. {Li}}, 
	booktitle={2017 IEEE 2nd International Conference on Big Data Analysis (ICBDA)(}, 
	title={Spatial query processing for location based application on Hbase}, 
	year={2017}, 
	volume={}, 
	number={}, 
	pages={110-114}, 
	keywords={Big Data;database indexing;distributed databases;mobile computing;pattern classification;query processing;visual databases;spatial query processing;location based application;location detected devices;mobile phone;location data;traditional storage mode;spatial data;Geohash encoding;distributed database HBase;one-dimensional encoding string;region queries algorithms;HBase cluster;spatial queries processing;big data;spatial index structure;kNN;Encoding;Spatial indexes;Spatial databases;Data models;Memory;Query processing;spatial query;location based services;HBase;Geohash}, 
	doi={10.1109/ICBDA.2017.8078787}, 
	ISSN={}, 
	month={March}
}

@INPROCEEDINGS{Huang-et-al-justifica, 
	author={J. {Huang} and X. {Ouyang} and J. {Jose} and M. {Wasi-ur-Rahman} and H. {Wang} and M. {Luo} and H. {Subramoni} and C. {Murthy} and D. K. {Panda}}, 
	booktitle={2012 IEEE 26th International Parallel and Distributed Processing Symposium}, 
	title={High-Performance Design of HBase with RDMA over InfiniBand}, 
	year={2012}, 
	volume={}, 
	number={}, 
	pages={774-785}, 
	keywords={cloud computing;distributed databases;Java;parallel processing;programming language semantics;public domain software;software performance evaluation;software portability;user interfaces;InfiniBand;open source distributed key-value store;BigTable;data-center applications;Facebook;Twitter;scalability;large-scale concurrent accesses;Java sockets interface;cross-platform portability;byte-stream oriented Java sockets semantics;data-intensive applications;high performance computing domain;HPC domain;low-latency networks;remote direct memory access;CPU utilization;memory-block semantics;object transmission primitives;RDMA capable networks;Java Native Interface;JNI;open-source HBase software;performance evaluation;QDR platform;TCP offload;HBase region servers;HBase region clients;cloud computing;HBase high-performance design;Sockets;Java;Instruction sets;Throughput;Servers;Google;HBase;InfiniBand;RDMA;Cloud Computing and Clusters}, 
	doi={10.1109/IPDPS.2012.74}, 
	ISSN={1530-2075}, 
	month={May}
}

@INPROCEEDINGS{Jim-etal-justifica, 
	author={Y. {Jin} and T. {Deyu} and Z. {Yi}}, 
	booktitle={2011 International Conference on Information Management, Innovation Management and Industrial Engineering}, 
	title={A Distributed Storage Model for EHR Based on HBase}, 
	year={2011}, 
	volume={2}, 
	number={}, 
	pages={369-372}, 
	keywords={health care;medical information systems;storage management;distributed storage model;EHR;HBase;distributed column-oriented database;Hadoop distributed file system;Hadoop map-reduce platform;electronic healthcare record;data storage principle;Medical services;Distributed databases;File systems;Fault tolerance;Fault tolerant systems;Cloud computing;Data models;Hbase;Electronic healthcare record;Hadoop Distributed File System;Distritued Storage}, 
	doi={10.1109/ICIII.2011.234}, 
	ISSN={2155-1456}, 
	month={Nov}
}

@book
{
	levy:1996,
	AUTHOR = {Pierre Levy},
	TITLE = {Cybercultura},
	PUBLISHER = {\'Atica},
	YEAR = {1996},
	VOLUME = {volume},
}

@article
{
	heart:2017,
	title = "A review of PHR, EMR and EHR integration: A more personalized healthcare and public health policy",
	journal = "Health Policy and Technology",
	volume = "6",
	number = "1",
	pages = "20 - 25",
	year = "2017",
	issn = "2211-8837",
	doi = "https://doi.org/10.1016/j.hlpt.2016.08.002",
	url = "http://www.sciencedirect.com/science/article/pii/S2211883716300624",
	author = "Tsipi Heart and Ofir Ben-Assuli and Itamar Shabtai",
	keywords = "PHR, EMR, EHR, Integration, Patient centered care, Public health"
}

@article{elragal:2014,
	title = "ERP and Big Data: The Inept Couple",
	journal = "Procedia Technology",
	volume = "16",
	number = "Supplement C",
	pages = "242 - 249",
	year = "2014",
	note = "CENTERIS 2014 - Conference on ENTERprise Information Systems / ProjMAN 2014 - International Conference on Project MANagement / HCIST 2014 - International Conference on Health and Social Care Information Systems and Technologies",
	issn = "2212-0173",
	doi = "https://doi.org/10.1016/j.protcy.2014.10.089",
	url = "http://www.sciencedirect.com/science/article/pii/S2212017314003168",
	author = "Ahmed Elragal",
	keywords = "ERP, Big Data, Research Agenda"
} 

@article{amado:2018,
	title = "A review of PHR, EMR and EHR integration: A more personalized healthcare and public health policy",
	journal = "Health Policy and Technology",
	volume = "6",
	number = "4",
	pages = "20 - 25",
	year = "2017",
	issn = "2211-8837",
	doi = "https://doi.org/10.1016/j.hlpt.2016.08.002",
	url = "http://www.sciencedirect.com/science/article/pii/S2211883716300624",
	author = "Rodrigo Balieiro and Thiago Pinheiro",
	keywords = "PHR, EMR, EHR, Integration, Patient centered care, Public health"
}

@article{amado:2018,
	title = "A review of PHR, EMR and EHR integration: A more personalized healthcare and public health policy",
	journal = "Health Policy and Technology",
	volume = "6",
	number = "4",
	pages = "20 - 25",
	year = "2017",
	issn = "2211-8837",
	doi = "https://doi.org/10.1016/j.hlpt.2016.08.002",
	url = "http://www.sciencedirect.com/science/article/pii/S2211883716300624",
	author = "Rodrigo Balieiro and Thiago Pinheiro",
	keywords = "PHR, EMR, EHR, Integration, Patient centered care, Public health"
}

@article{CETAX,
	author = "Sara Filipa",
	title = "Apache HBase: O que é, Conceitos e Definições",
	journal = "CETAX",
	number = "-",
	pages = "5",
	year = "2019",
	note = "",
	issn = "",
	doi = "",
	url = "https://www.cetax.com.br/blog/o-que-e-o-apache-hbase/"
}

@article{forumdeseguranca:2018,
	author = "forum de segurança",
	title = "Atlas da Violência 2018 - Infográfico",
	journal = "Forum Web",
	volume = "1",
	number = "3",
	pages = "1",
	year = "2018",
	note = "",
	issn = "",
	doi = "",
	url = "http://www.forumseguranca.org.br/wp-content/uploads/2018/06/FBSP_atlas_violencia_2108_Infografico.pdf",
	keywords = "Homicídios, Taxa de Violência, Mapa da Violência, Índices da Segurança Pública"
}

@article{
	title = "O Impacto das Novas Tecnologias na Sociedade: Conceitos e Características da Sociedade da informação e da Sociedade Digital",
	journal = "Intercom - Sociedade Brasileira de Estudos Interdisciplinares da Comunicação",
	pages = "13",
	year = "2007",
	url = "https://www.intercom.org.br/papers/nacionais/2007/resumos/R1533-1.pdf"
}

@article{Dutra-Freire-2009,
	title = "Paradigmas de Segurança no Brasil: Da Ditadura aos Nossos Dias",
	author = "Moema Dutra Freire",
	journal = "Revista Brasileira de Segurança Pública",
	pages = "15",
	year = "2009",
	volume = "5",
	url = "www2.marilia.unesp.br/revistas/index.php/aurora/article/view/1219"
}

@article{IBGE-2018,
	author = "Estatísticas Sociais",
	title = "PNAD Contínua TIC 2017: Internet chega a três em cada quatro domicílios do país",
	date = "20 de dezembro de 2018",
	journal = "Agencia de Notícias - IBGE",
	url = "https://agenciadenoticias.ibge.gov.br/agencia-sala-de-imprensa/2013-agencia-de-noticias/releases/23445-pnad-continua-tic-2017-internet-chega-a-tres-em-cada-quatro-domicilios-do-pais"
}


@article{Kotaro-2005,
	title = "Introdução a Banco de Dados",
	author = "Osvaldo Kotaro Takai and Isabel cristina Italiano and João Eduardo Ferreira",
	journal = "IME-USP",
	pages = "124",
	year = "2005",
	volume = "único",
	url = "https://www.ime.usp.br/~jef/apostila.pdf"
}

@article{Ashton-2016,
	title = "Beginning the Internet Of Things",
	author = "Kevin Ashton",
	journal = "Medium",
	pages = "1",
	year = "2016",
	url = "https://medium.com/@kevin_ashton/beginning-the-internet-of-things-6d5ab6178801"
}

@article{OUSSOUS-Big-Data,
	title = "Big Data technologies: A survey",
	journal = "Journal of King Saud University - Computer and Information Sciences",
	volume = "30",
	number = "4",
	pages = "431 - 448",
	year = "2018",
	issn = "1319-1578",
	doi = "https://doi.org/10.1016/j.jksuci.2017.06.001",
	url = "http://www.sciencedirect.com/science/article/pii/S1319157817300034",
	author = "Ahmed Oussous and Fatima-Zahra Benjelloun and Ayoub Ait Lahcen and Samir Belfkih",
	keywords = "Big Data, Hadoop, Big Data distributions, Big Data analytics, NoSQL, Machine learning",
	abstract = "Developing Big Data applications has become increasingly important in the last few years. In fact, several organizations from different sectors depend increasingly on knowledge extracted from huge volumes of data. However, in Big Data context, traditional data techniques and platforms are less efficient. They show a slow responsiveness and lack of scalability, performance and accuracy. To face the complex Big Data challenges, much work has been carried out. As a result, various types of distributions and technologies have been developed. This paper is a review that survey recent technologies developed for Big Data. It aims to help to select and adopt the right combination of different Big Data technologies according to their technological needs and specific applications’ requirements. It provides not only a global view of main Big Data technologies but also comparisons according to different system layers such as Data Storage Layer, Data Processing Layer, Data Querying Layer, Data Access Layer and Management Layer. It categorizes and discusses main technologies features, advantages, limits and usages."
}

@article{Zhang-Ying-justificativa,
	title = "A Study on the Building of Urban Public Security Management Network Platform",
	journal = "Procedia Engineering",
	volume = "52",
	pages = "613 - 617",
	year = "2013",
	note = "2012 International Conference on Performance-based Fire and Fire Protection Engineering",
	issn = "1877-7058",
	doi = "https://doi.org/10.1016/j.proeng.2013.02.194",
	url = "http://www.sciencedirect.com/science/article/pii/S1877705813003135",
	author = "Ying-cong Zhang and Jing Yu",
	keywords = "Public project, Urban public security, Management network platform, Operational pattern",
	abstract = "According to the current situation of the development in urbanization in China, this article puts foreword the idea of the necessity and urgency in further enhancement of urban public security daily management and emergency system. Due to the practical demand, it also mainly introduces the general structure, function, technology and operational pattern in urban public security management network platform."
}

@online{IBM,
	author = "Vikram Vaswani",
	title = "Desenvolva um aplicativo em PHP que use Dados de GPS de um Dispositivo IoT",
	journal = "IBM Developer",
	date = "26 de janeiro de 2016",
	url = "https://www.ibm.com/developerworks/br/library/iot-php-app-iot-foundation-bluemix/index.html"
}

@online{Massaro,
	author = "André Massaro",
	title = "Utilizando as metas SMART em suas finanças",
	date = "18 de setembro de 2011",
	url = "http://www.andremassaro.com.br/2011/09/18/utilizando-metas-smart-em-suas-financas/"
}

@online{Medium-BD,
	author = "Pedro Barros",
	title = "O que é ACID?",
	date = "04 de maio de 2016",
	url = "https://medium.com/opensanca/o-que-é-acid-59b11a81e2c6"
}

@online{Jacobsen-metodologia,
	author = "Priscila Jacobsen",
	title = "Como Escolher o Método de Pesquisa",
	date = "11 de outubro de 2017",
	url = "https://www.ufrgs.br/blogdabc/como-escolher-o-metodo-de-pesquisa-mais-adequado-para-sua-monografia/"
}

@book{Magrani-2018,
	author = "Eduardo Magrani",
	title = "A Internet Das Coisas",
	date = "2018",
	editor = "FGV Rio",
	volume = "único",
	edition = "1ª",
	pagetotal = "192"
}

@book{C.Date,
author = "C.J. Date",
title = "Introdução a Sistemas de Bancos de Dados",
date = "1984",
editor = "Campus",
volume = "1",
edition = "7",
pagetotal = "514"
}

@book{Taurion-big-data,
author = "Cezar Taurion",
title = "Big Data",
date = "2013",
editor = "Brasport",
volume = "1",
edition = "1",
pagetotal = "110"	
}
